@inproceedings{Kerner94,
author = {Kerner, Yaakov},
year = {1994},
month = {01},
pages = {240-254},
title = {Case-Based Evaluation in Computer Chess}
}

@article{silver-et-al17,
author = {Silver, David and Hubert, Thomas and Schrittwieser, Julian and Antonoglou, Ioannis and Lai, Matthew and Guez, Arthur and Lanctot, Marc and Sifre, Laurent and Kumaran, Dharshan and Graepel, Thore and Lillicrap, Timothy and Hassabis, Demis},
year = {2017},
month = {12},
pages = {},
title = {Mastering Chess and Shogi by Self-Play with a General Reinforcement Learning Algorithm}
}

@article{grunke2020,
author = {Grünke, Paul},
year = {2020},
month = {05},
pages = {7},
title = {Chess, Artificial Intelligence, and Epistemic Opacity},
volume = {19},
journal = {Információs Társadalom},
doi = {10.22503/inftars.XIX.2019.4.1}
}

@inproceedings{david-et-al2016,
author = {David, Eli and Netanyahu, Nathan and Wolf, Lior},
year = {2016},
month = {09},
pages = {88-96},
title = {DeepChess: End-to-End Deep Neural Network for Automatic Learning in Chess},
isbn = {978-3-319-44780-3},
doi = {10.1007/978-3-319-44781-0_11}
}

@article{campbell-et-al2002,
author = {Campbell, Murray and Hoane, A.Joseph and Hsu, Feng-hsiung},
year = {2002},
month = {01},
pages = {57-83},
title = {Deep blue},
volume = {134},
journal = {Artificial Intelligence},
doi = {10.1016/S0004-3702(01)00129-1}
}

@inproceedings{anthony-et-al2017,
author = {Anthony, T and Tian, Z and Barber, D},
year = {2017},
month = {11},
pages = {},
title = {Thinking Fast and Slow with Deep Learning and Tree Search}
}

@inproceedings{bradtke-lehnert88,
author = {Bradtke, Steven and Lehnert, Wendy G.},
year = {1988},
pages = {133-138},
journal = {AAAI-88},
title = {Some Experiments with Case-based Search}
}